@misc{sun_thesis_guide,
	author = {{Stellenbosch University}},
    title = {Formatting your thesis},
	year = {2024},
    note = "\url{http://bit.ly/SUThesisFormat}",
}
@misc{sun_latex_template,
	author = {Danie Els},
    title = {Stellenbosch University thesis bundle},
	year = {2024},
    note = "\url{https://ctan.org/pkg/stellenbosch-2}",
}

